@book{ Eisner-Spirit-Najlepsze-opowiesci-Pub-2009,
  author =	 {Will Eisner},
  title =	 {Spirit. Najlepsze opowieści},
  publisher =	 {Egmont Polska},
  address =	 {Warszawa},
  year =	 2009,
  edition =	 {I},
  seriess =	 {Klub Świata Komiksu},
  volume =	 593,
  isbn =	 {978-83-237-2545-9},
  note =	 {Tłum. Jarosław Grzędowicz},
}