@book{ Nowak-Od-Polski-do-Postpolityki-Pub-2011,
  author =	 {Andrzej Nowak},
  title =	 {Od~Polski do~post-polityki. Intelektualna historia
                  zapaści Rzeczpospolitej},
  publisher =	 {Wydawnictwo Arcana},
  address =	 {Kraków},
  year =	 2011,
  edition =	 {II},
  isbn =	 {978-83-60940-93-8},
  series =	 {Arcana Historii},
}